<record><leader>00000cas a22000007a 4500</leader><controlfield tag="001">34103058</controlfield><controlfield tag="008">960130d19871988okuwr n       0    0eng d</controlfield><datafield ind1=" " ind2=" " tag="010"><subfield code="a">sn 95076481 </subfield></datafield><datafield ind1=" " ind2=" " tag="040"><subfield code="a">OBN</subfield><subfield code="b">eng</subfield><subfield code="c">OBN</subfield><subfield code="d">OCLCQ</subfield><subfield code="d">OCLCF</subfield><subfield code="d">OCLCO</subfield></datafield><datafield ind1="1" ind2=" " tag="029"><subfield code="a">AU@</subfield><subfield code="b">000025861791</subfield></datafield><datafield ind1=" " ind2=" " tag="042"><subfield code="a">msc</subfield></datafield><datafield ind1=" " ind2=" " tag="043"><subfield code="a">n-us-ok</subfield></datafield><datafield ind1="0" ind2="0" tag="245"><subfield code="a">Lake Keystone news journal.</subfield></datafield><datafield ind1="3" ind2=" " tag="246"><subfield code="a">News journal</subfield></datafield><datafield ind1=" " ind2=" " tag="260"><subfield code="a">Mannford, Okla. :</subfield><subfield code="b">Drumright Newspapers</subfield></datafield><datafield ind1=" " ind2=" " tag="300"><subfield code="a">v.</subfield></datafield><datafield ind1=" " ind2=" " tag="310"><subfield code="a">Weekly</subfield></datafield><datafield ind1="0" ind2=" " tag="362"><subfield code="a">Vol. 68, no. 5 (Jan. 21, 1987)-v. 69, no. 11 (Mar. 16, 1988).</subfield></datafield><datafield ind1=" " ind2=" " tag="580"><subfield code="a">Other eds. available: Drumright area news journal, 1987-Mar. 2, 1988, and: Drumright news journal (Mar. 9-16, 1988).</subfield></datafield><datafield ind1=" " ind2="0" tag="651"><subfield code="a">Mannford (Okla.)</subfield><subfield code="v">Newspapers.</subfield></datafield><datafield ind1=" " ind2="0" tag="651"><subfield code="a">Creek County (Okla.)</subfield><subfield code="v">Newspapers.</subfield></datafield><datafield ind1=" " ind2="7" tag="655"><subfield code="a">Newspapers.</subfield><subfield code="2">fast</subfield><subfield code="0">(OCoLC)fst01423814</subfield></datafield><datafield ind1=" " ind2="7" tag="651"><subfield code="a">Oklahoma</subfield><subfield code="z">Creek County.</subfield><subfield code="2">fast</subfield><subfield code="0">(OCoLC)fst01221598</subfield></datafield><datafield ind1=" " ind2="7" tag="651"><subfield code="a">Oklahoma</subfield><subfield code="z">Mannford.</subfield><subfield code="2">fast</subfield><subfield code="0">(OCoLC)fst01889113</subfield></datafield><datafield ind1=" " ind2=" " tag="752"><subfield code="a">United States</subfield><subfield code="b">Oklahoma</subfield><subfield code="c">Creek</subfield><subfield code="d">Mannford.</subfield></datafield><datafield ind1="0" ind2=" " tag="775"><subfield code="t">Drumright area news journal</subfield><subfield code="w">(DLC)sn 95076477</subfield></datafield><datafield ind1="0" ind2=" " tag="775"><subfield code="t">Drumright news journal</subfield><subfield code="w">(DLC)sn 95076478</subfield></datafield><datafield ind1="0" ind2="0" tag="780"><subfield code="t">Mannford area news journal</subfield><subfield code="w">(DLC)sn 95076480</subfield><subfield code="w">(OCoLC)34102942</subfield></datafield><datafield ind1="0" ind2="0" tag="785"><subfield code="t">Mannford news journal</subfield><subfield code="w">(DLC)sn 95076482</subfield><subfield code="w">(OCoLC)34103290</subfield></datafield></record>